@book{Chen,
  title={Linear System Theory and Design},
  author={Chen, Chi-Tsong},
  isbn={9780199964543},
  year={2014},
  publisher={Oxford University Press, Incorporated}
}

@book{regtek,
    title={Reguleringsteknikk},
    author={J.G. Balchen, T. Andresen, B.A. Foss},
    isbn={978-82-7842-202-1},
    year={2016},
    publisher={Institutt for teknisk kybernetikk, NTNU}
}

@book{kalman
    title={Random Signals and Applied Filtering}
    author={Brown Robert Grover, Hwang Patrick Y.C}
    isbn={978-0-470-60969-9}
    year={2012}
    publisher={John Wiley & Sons, Inc.}
}